<record><leader>00000cas a2200000 a 4500</leader><controlfield tag="001">36467024</controlfield><controlfield tag="008">970228d19391961miuwr n       0    0eng c</controlfield><datafield ind1=" " ind2=" " tag="010"><subfield code="a">sn 97063231 </subfield></datafield><datafield ind1=" " ind2=" " tag="040"><subfield code="a">MHN</subfield><subfield code="b">eng</subfield><subfield code="c">MHN</subfield><subfield code="d">OCL</subfield><subfield code="d">OCLCQ</subfield><subfield code="d">OCLCF</subfield><subfield code="d">OCLCO</subfield></datafield><datafield ind1="1" ind2=" " tag="029"><subfield code="a">AU@</subfield><subfield code="b">000013136977</subfield></datafield><datafield ind1=" " ind2=" " tag="042"><subfield code="a">pcc</subfield></datafield><datafield ind1=" " ind2=" " tag="043"><subfield code="a">n-us-mi</subfield></datafield><datafield ind1="0" ind2="0" tag="245"><subfield code="a">Wyandotte tribune.</subfield></datafield><datafield ind1=" " ind2=" " tag="260"><subfield code="a">Wyandotte, Mich. :</subfield><subfield code="b">Frank S. Worthington</subfield></datafield><datafield ind1=" " ind2=" " tag="300"><subfield code="a">v.</subfield></datafield><datafield ind1=" " ind2=" " tag="310"><subfield code="a">Weekly</subfield></datafield><datafield ind1="0" ind2=" " tag="362"><subfield code="a">Vol. 5, no. 43 (Oct. 26, 1939)-v. 31, no.l 40 (Oct. 5, 1961).</subfield></datafield><datafield ind1=" " ind2=" " tag="500"><subfield code="a">Issue called: 100th Anniversary ed., July 8. 1954.</subfield></datafield><datafield ind1=" " ind2="0" tag="651"><subfield code="a">Wyandotte (Mich.)</subfield><subfield code="v">Newspapers.</subfield></datafield><datafield ind1=" " ind2="0" tag="651"><subfield code="a">Wayne County (Mich.)</subfield><subfield code="v">Newspapers.</subfield></datafield><datafield ind1=" " ind2="7" tag="655"><subfield code="a">Newspapers.</subfield><subfield code="2">fast</subfield><subfield code="0">(OCoLC)fst01423814</subfield></datafield><datafield ind1=" " ind2="7" tag="651"><subfield code="a">Michigan</subfield><subfield code="z">Wayne County.</subfield><subfield code="2">fast</subfield><subfield code="0">(OCoLC)fst01206628</subfield></datafield><datafield ind1=" " ind2="7" tag="651"><subfield code="a">Michigan</subfield><subfield code="z">Wyandotte.</subfield><subfield code="2">fast</subfield><subfield code="0">(OCoLC)fst01202850</subfield></datafield><datafield ind1=" " ind2=" " tag="752"><subfield code="a">United States</subfield><subfield code="b">Michigan</subfield><subfield code="c">Wayne</subfield><subfield code="d">Wyandotte.</subfield></datafield><datafield ind1="0" ind2="0" tag="780"><subfield code="t">Down river press</subfield><subfield code="w">(DLC)sn 97063229</subfield><subfield code="w">(OCoLC)36431853</subfield></datafield><datafield ind1="0" ind2="4" tag="785"><subfield code="t">Wyandotte news-herald (Wyandotte, Mich. : 1943)</subfield><subfield code="w">(DLC)sn 97063233</subfield><subfield code="w">(OCoLC)36466316</subfield></datafield></record>